@phdthesis{earley68,
	author = {Jay Earley},
	title = {An Efficient Context-Free Parsing Algorithm},
	school = {Carnegie Mellon University},
	year = {1968},
	month = {August},
	note = {\url{http://reports-archive.adm.cs.cmu.edu/anon/anon/usr/ftp/scan/CMU-CS-68-earley.pdf}}
}
@book{aho,
	author = {Alfred V. Aho and Monica S. Lam and Ravi Sethi and Jeffrey D. Ullman},
	title = {Compilers Principles Techniques, \& tools},
	year = {2006},
	edition = {second edition},
	note = {\url{http://dragonbook.stanford.edu/}}
}
@inproceedings{flightsoftwareproductline,
	author = {D. Ganesan and M. Lindvall and C. Ackermann and D. McComas and M. Bartholomew},
	title = {Verifying Architectural Design Rules of the Flight Software Product Line},
	booktitle = {SPLC '09 Proceedings of the 13th International Software Product Line Conference},
	year = {2009},
	pages = {161-170},
	organization = {Carnegie Mellon University}
}
@inproceedings{superc,
	author = {P. Gazzillo and R. Grimm},
	title = {SuperC: Parsing All of C by Taming the Preprocessor},
	booktitle = {PLDI'12 Proceedings of the 33rd ACM SIGPLAN conference on Programming Language Design and Implementation},
	year = {2012},
	pages = {323-334},
	note = {\url{http://cs.nyu.edu/~rgrimm/papers/pldi12.pdf}},
	organization = {ACM}
}
@inproceedings{typechef,
	author = {A.Kenner and C. Kastner and S. Haase and T. Leich},
	title = {TypeChef: Toward Type Checking \#ifdef Variability in C},
	booktitle = {FOSD'10 Proceedings of the 2nd International Workshop on Feature-Oriented Software Development},
	year = {2010},
	pages = {25-32},
	note = {\url{http://www.cs.cmu.edu/~ckaestne/pdf/FOSD10-typechef.pdf}},
	organization = {ACM}
}
